@book{source,
	author = "Radford, John",
	title = "My First Book",
	year = "2019",
	publisher = "Dank Meme Society Publishing"
}
